@article{BilimMehmet2019SNRf,
  journal   = {Wireless personal communications},
  number    = {2},
  pages     = {1463-1469},
  publisher = {Springer US},
  title     = {Some New Results for Integrals Involving Gaussian Q-function and Their Applications to {$\alpha$}–{$\mu$} and {$\eta$}–{$\mu$} Fading Channels},
  author    = {Bilim, Mehmet},
  volume    = {109},
  year      = {2019}
}

@inproceedings{Craig258319,
  author    = {Craig, J.W.},
  booktitle = {MILCOM 91 - Conference record},
  title     = {A new, simple and exact result for calculating the probability of error for two-dimensional signal constellations},
  year      = {1991},
  pages     = {571-575 vol.2}
}